% Bibligraphy for master thesis "Magnetic Excitations In Iridiates"
% Andreas Leonhardt
% created: Oslo, 12. September 2013

% BOOKS

@book{Abragam70,
      author  = "Anatole Abragam and Brebis Bleaney",
      title   = "Electron Paramagnetic Resonance Of Transition Ions",
      year    = "1970",
      publisher = "Clarendon Press, Oxford",
      series = "The International Series Of Monographs On Physics",
     }

@book{Tinkham64,
      author = "Michael Tinkham",
      title  = "Group Theory And Quantum Mechanics",
      year   = "1964",
      publisher = "McGraw-Hill Book Company",
     }
    
@book{altland2010condensed,
  title={Condensed matter field theory},
  author={Altland, Alexander and Simons, Ben D},
  year={2010},
  publisher={Cambridge University Press}
}
    

% Articles

@article{PhysRevLett.106.136402,
  title = {Twisted Hubbard Model for $\text{Sr}_{2}\text{IrO}_{4}$: Magnetism and Possible High Temperature Superconductivity},
  author = {Wang, Fa and Senthil, T.},
  journal = {Phys. Rev. Lett.},
  volume = {106},
  issue = {13},
  pages = {136402},
  numpages = {4},
  year = {2011},
  month = {Mar},
  doi = {10.1103/PhysRevLett.106.136402},
  url = {http://link.aps.org/doi/10.1103/PhysRevLett.106.136402},
  publisher = {American Physical Society}
}

@article{PhysRevLett.105.216410,
  title = {Microscopic Study of a Spin-Orbit-Induced Mott Insulator in Ir Oxides},
  author = {Watanabe, Hiroshi and Shirakawa, Tomonori and Yunoki, Seiji},
  journal = {Phys. Rev. Lett.},
  volume = {105},
  issue = {21},
  pages = {216410},
  numpages = {4},
  year = {2010},
  month = {Nov},
  publisher = {American Physical Society},
  doi = {10.1103/PhysRevLett.105.216410},
  url = {http://link.aps.org/doi/10.1103/PhysRevLett.105.216410}
}



@article{PhysRevLett.108.177003,
  title = {Magnetic Excitation Spectra of $\text{Sr}_{2}\text{IrO}_{4}$ Probed by Resonant Inelastic X-Ray Scattering: Establishing Links to Cuprate Superconductors},
  author = {Kim, Jungho and Casa, D. and Upton, M. H. and Gog, T. and Kim, Young-June and Mitchell, J. F. and van Veenendaal, M. and Daghofer, M. and van den Brink, J. and Khaliullin, G. and Kim, B. J.},
  journal = {Phys. Rev. Lett.},
  volume = {108},
  issue = {17},
  pages = {177003},
  numpages = {5},
  year = {2012},
  month = {Apr},
  doi = {10.1103/PhysRevLett.108.177003},
  url = {http://link.aps.org/doi/10.1103/PhysRevLett.108.177003},
  publisher = {American Physical Society}
}


@article{PhysRevB.65.132404,
  title = {Spin-wave dispersion in $\text{La}_{2}\text{CuO}_{4}$},
  author = "Peres, N. M. R. and Ara\'ujo, M. A. N.",
  journal = {Phys. Rev. B},
  volume = {65},
  issue = {13},
  pages = {132404},
  numpages = {4},
  year = {2002},
  month = {Mar},
  doi = {10.1103/PhysRevB.65.132404},
  url = {http://link.aps.org/doi/10.1103/PhysRevB.65.132404},
  publisher = {American Physical Society}
}


@article{Kim06032009,
author = {Kim, B. J. and Ohsumi, H. and Komesu, T. and Sakai, S. and Morita, T. and Takagi, H. and Arima, T.}, 
title = {Phase-Sensitive Observation of a Spin-Orbital Mott State in Sr2IrO4},
volume = {323}, 
number = {5919}, 
pages = {1329-1332}, 
year = {2009}, 
doi = {10.1126/science.1167106}, 
abstract ={Measurement of the quantum-mechanical phase in quantum matter provides the most direct manifestation of the underlying abstract physics. We used resonant x-ray scattering to probe the relative phases of constituent atomic orbitals in an electronic wave function, which uncovers the unconventional Mott insulating state induced by relativistic spin-orbit coupling in the layered 5d transition metal oxide Sr2IrO4. A selection rule based on intra-atomic interference effects establishes a complex spin-orbital state represented by an effective total angular momentum = 1/2 quantum number, the phase of which can lead to a quantum topological state of matter.}, 
URL = {http://www.sciencemag.org/content/323/5919/1329.abstract}, 
eprint = {http://www.sciencemag.org/content/323/5919/1329.full.pdf}, 
journal = {Science} 
}

@article{PhysRevLett.101.076402,
  title = {Novel ${J}_{\mathrm{eff}}=1/2$ Mott State Induced by Relativistic Spin-Orbit Coupling in $\text{Sr}_{2}\text{IrO}_{4}$},
  author = {Kim, B. J. and Jin, Hosub and Moon, S. J. and Kim, J.-Y. and Park, B.-G. and Leem, C. S. and Yu, Jaejun and Noh, T. W. and Kim, C. and Oh, S.-J. and Park, J.-H. and Durairaj, V. and Cao, G. and Rotenberg, E.},
  journal = {Phys. Rev. Lett.},
  volume = {101},
  issue = {7},
  pages = {076402},
  numpages = {4},
  year = {2008},
  month = {Aug},
  doi = {10.1103/PhysRevLett.101.076402},
  url = {http://link.aps.org/doi/10.1103/PhysRevLett.101.076402},
  publisher = {American Physical Society}
}


@article{PhysRevLett.102.017205,
  title = {Mott Insulators in the Strong Spin-Orbit Coupling Limit: From Heisenberg to a Quantum Compass and Kitaev Models},
  author = {Jackeli, G. and Khaliullin, G.},
  journal = {Phys. Rev. Lett.},
  volume = {102},
  issue = {1},
  pages = {017205},
  numpages = {4},
  year = {2009},
  month = {Jan},
  doi = {10.1103/PhysRevLett.102.017205},
  url = {http://link.aps.org/doi/10.1103/PhysRevLett.102.017205},
  publisher = {American Physical Society}
}


@article{PhysRevLett.86.5377,
  title = {Spin Waves and Electronic Interactions in $\text{Sr}_2\text{IrO}_4$},
  author = {Coldea, R. and Hayden, S. M. and Aeppli, G. and Perring, T. G. and Frost, C. D. and Mason, T. E. and Cheong, S.-W. and Fisk, Z.},
  journal = {Phys. Rev. Lett.},
  volume = {86},
  issue = {23},
  pages = {5377--5380},
  numpages = {0},
  year = {2001},
  month = {Jun},
  publisher = {American Physical Society},
  doi = {10.1103/PhysRevLett.86.5377},
  url = {http://link.aps.org/doi/10.1103/PhysRevLett.86.5377}
}


@article{PhysRevLett.96.246402,
  title = {Fermi Surface and Quasiparticle Excitations of Sr2RhO4},
  author = {Baumberger, F. and Ingle, N. J. C. and Meevasana, W. and Shen, K. M. and Lu, D. H. and Perry, R. S. and Mackenzie, A. P. and Hussain, Z. and Singh, D. J. and Shen, Z.-X.},
  journal = {Phys. Rev. Lett.},
  volume = {96},
  issue = {24},
  pages = {246402},
  numpages = {4},
  year = {2006},
  month = {Jun},
  publisher = {American Physical Society},
  doi = {10.1103/PhysRevLett.96.246402},
  url = {http://link.aps.org/doi/10.1103/PhysRevLett.96.246402}
}



@article{J.Phys.Cond.Matter.Vol21.34,
  title = {Hubbard-U band-structure methods},
  author = {Albers, R.C. and Christensen, N.E. and Svane, A.},
  journal = {Journal of Physics: Condensed Matter},
  volume = {21},
  issue = {34},
  year = {2009},
  doi = {10.1088/0953-8984/21/34/343201},
  url = {http://iopscience.iop.org/0953-8984/21/34/343201}
}

@article{PhysRevB.43.3617,
  title = {Quantum corrections in an antiferromagnet: A systematic diagrammatical treatment of the Hubbard model},
  author = {Singh, Avinash},
  journal = {Phys. Rev. B},
  volume = {43},
  issue = {4},
  pages = {3617--3625},
  numpages = {0},
  year = {1991},
  month = {Feb},
  publisher = {American Physical Society},
  doi = {10.1103/PhysRevB.43.3617},
  url = {http://link.aps.org/doi/10.1103/PhysRevB.43.3617}
}


@article{RevModPhys.84.299,
  title = {Functional renormalization group approach to correlated fermion systems},
  author = {Metzner, Walter and Salmhofer, Manfred and Honerkamp, Carsten and Meden, Volker and Sch\"onhammer, Kurt},
  journal = {Rev. Mod. Phys.},
  volume = {84},
  issue = {1},
  pages = {299--352},
  numpages = {0},
  year = {2012},
  month = {Mar},
  publisher = {American Physical Society},
  doi = {10.1103/RevModPhys.84.299},
  url = {http://link.aps.org/doi/10.1103/RevModPhys.84.299}
}


@article{PhysRevB.49.9198,
  title = {Structural and magnetic studies of $\text{Sr}_2\text{IrO}_4$},
  author = {Crawford, M. K. and Subramanian, M. A. and Harlow, R. L. and Fernandez-Baca, J. A. and Wang, Z. R. and Johnston, D. C.},
  journal = {Phys. Rev. B},
  volume = {49},
  issue = {13},
  pages = {9198--9201},
  numpages = {0},
  year = {1994},
  month = {Apr},
  publisher = {American Physical Society},
  doi = {10.1103/PhysRevB.49.9198},
  url = {http://link.aps.org/doi/10.1103/PhysRevB.49.9198}
}

@article{PhysRevLett.62.591,
  title = {Antiferromagnetism in the Two-Dimensional Hubbard Model},
  author = {Hirsch, J. E. and Tang, S.},
  journal = {Phys. Rev. Lett.},
  volume = {62},
  issue = {5},
  pages = {591--594},
  numpages = {0},
  year = {1989},
  month = {Jan},
  publisher = {American Physical Society},
  doi = {10.1103/PhysRevLett.62.591},
  url = {http://link.aps.org/doi/10.1103/PhysRevLett.62.591}
}


@article{PhysRevB.88.035111,
  title = {Theory of metal-insulator transition in the family of perovskite iridium oxides},
  author = {Carter, Jean-Michel and Shankar V., Vijay and Kee, Hae-Young},
  journal = {Phys. Rev. B},
  volume = {88},
  issue = {3},
  pages = {035111},
  numpages = {10},
  year = {2013},
  month = {Jul},
  publisher = {American Physical Society},
  doi = {10.1103/PhysRevB.88.035111},
  url = {http://link.aps.org/doi/10.1103/PhysRevB.88.035111}
}


@article{PhysRevB.45.10131,
  title = {Spin-wave velocity renormalization in the two-dimensional Heisenberg antiferromagnet at zero temperature},
  author = {Canali, C. M. and Girvin, S. M. and Wallin, Mats},
  journal = {Phys. Rev. B},
  volume = {45},
  issue = {17},
  pages = {10131--10134},
  numpages = {0},
  year = {1992},
  month = {May},
  publisher = {American Physical Society},
  doi = {10.1103/PhysRevB.45.10131},
  url = {http://link.aps.org/doi/10.1103/PhysRevB.45.10131}
}

@article{PhysRevB.57.R11039,
  title = {Weak ferromagnetism, metal-to-nonmetal transition, and negative differential resistivity in single-crystal Sr2IrO4},
  author = {Cao, G. and Bolivar, J. and McCall, S. and Crow, J. E. and Guertin, R. P.},
  journal = {Phys. Rev. B},
  volume = {57},
  issue = {18},
  pages = {R11039--R11042},
  numpages = {0},
  year = {1998},
  month = {May},
  publisher = {American Physical Society},
  doi = {10.1103/PhysRevB.57.R11039},
  url = {http://link.aps.org/doi/10.1103/PhysRevB.57.R11039}
}

@article{PhysRevB.80.195110,
  title = {Temperature dependence of the electronic structure of the Jeff=12 Mott insulator Sr2IrO4 studied by optical spectroscopy},
  author = {Moon, S. J. and Jin, Hosub and Choi, W. S. and Lee, J. S. and Seo, S. S. A. and Yu, J. and Cao, G. and Noh, T. W. and Lee, Y. S.},
  journal = {Phys. Rev. B},
  volume = {80},
  issue = {19},
  pages = {195110},
  numpages = {5},
  year = {2009},
  month = {Nov},
  publisher = {American Physical Society},
  doi = {10.1103/PhysRevB.80.195110},
  url = {http://link.aps.org/doi/10.1103/PhysRevB.80.195110}
}


@article{PhysRevB.67.064504,
  title = {Measuring the gap in angle-resolved photoemission experiments on cuprates},
  author = {Kordyuk, A. A. and Borisenko, S. V. and Knupfer, M. and Fink, J.},
  journal = {Phys. Rev. B},
  volume = {67},
  issue = {6},
  pages = {064504},
  numpages = {8},
  year = {2003},
  month = {Feb},
  publisher = {American Physical Society},
  doi = {10.1103/PhysRevB.67.064504},
  url = {http://link.aps.org/doi/10.1103/PhysRevB.67.064504}
}



@article{0022-3719-10-8-031,
  author={M Takahashi},
  title={Half-filled Hubbard model at low temperature},
  journal={Journal of Physics C: Solid State Physics},
  volume={10},
  number={8},
  pages={1289},
  url={http://stacks.iop.org/0022-3719/10/i=8/a=031},
  year={1977},
  abstract={The ground-state energy E and momentum distribution n k of the electrons are expanded from the atomic limit for the half-filled Hubbard model. The coefficients of expansion are represented by the spin correlation functions of the spin 1 / 2 Heisenberg model. Using the spin-wave theory, approximate values of coefficients are calculated for the square lattice and the simple cubic lattice. In one dimension, the theory shows a good agreement with the exact solution. An effective spin Hamiltonian for the half-filled Hubbard model with arbitrary hopping integrals is obtained up to the fifth order. It is shown that the fourth term contains four spin interactions.}
}
	
@article{PhysRevB.80.075112,
  title = {Anisotropic exchange interactions of spin-orbit-integrated states in Sr2IrO4},
  author = {Jin, Hosub and Jeong, Hogyun and Ozaki, Taisuke and Yu, Jaejun},
  journal = {Phys. Rev. B},
  volume = {80},
  issue = {7},
  pages = {075112},
  numpages = {5},
  year = {2009},
  month = {Aug},
  publisher = {American Physical Society},
  doi = {10.1103/PhysRevB.80.075112},
  url = {http://link.aps.org/doi/10.1103/PhysRevB.80.075112}
}

@article{PhysRevB.89.165115,
  title = {Theoretical study of insulating mechanism in multiorbital Hubbard models with a large spin-orbit coupling: Slater versus Mott scenario in ${\text{Sr}}_{2}$${\text{IrO}}_{4}$},
  author = {Watanabe, Hiroshi and Shirakawa, Tomonori and Yunoki, Seiji},
  journal = {Phys. Rev. B},
  volume = {89},
  issue = {16},
  pages = {165115},
  numpages = {13},
  year = {2014},
  month = {Apr},
  publisher = {American Physical Society},
  doi = {10.1103/PhysRevB.89.165115},
  url = {http://link.aps.org/doi/10.1103/PhysRevB.89.165115}
}


% EOF